@article{achanta2012slic,
  title={SLIC superpixels compared to state-of-the-art superpixel methods},
  author={Achanta, Radhakrishna and Shaji, Appu and Smith, Kevin and Lucchi, Aurelien and Fua, Pascal and S{\"u}sstrunk, Sabine},
  journal={IEEE transactions on pattern analysis and machine intelligence},
  volume={34},
  number={11},
  pages={2274--2282},
  year={2012},
  publisher={IEEE}
}

@article{xu2022high,
  title={High quality superpixel generation through regional decomposition},
  author={Xu, Yunyang and Gao, Xifeng and Zhang, Caiming and Tan, Jianchao and Li, Xuemei},
  journal={IEEE Transactions on Circuits and Systems for Video Technology},
  volume={33},
  number={4},
  pages={1802--1815},
  year={2022},
  publisher={IEEE}
}

@article{王国良2021一种基于,
  author = {王国良 and 任允帅},
  title = {一种基于MRF与区域合并的图像分割改进算法},
  journal = {辽宁石油化工大学学报},
  volume = {41},
  number = {04},
  pages = {78-84},
  year = {2021},
  issn = {1672-6952},
}

@article{赵宗泽2023融合高程信息的低空遥感影像,
  title={融合高程信息的低空遥感影像 SLIC 分割和区域合并方法},
  author={赵宗泽 and 方明源 and 高钊 and 王双亭},
  journal={测绘通报},
  number={4},
  pages={35-40},
  year={2023}
}

@article{秦昊林2023基于超像素注意力和孪生结构的半监督高光谱显著性目标检测,
  title={基于超像素注意力和孪生结构的半监督高光谱显著性目标检测},
  author={秦昊林 and 许廷发 and 李佳男},
  journal={兵工学报},
  volume=44,
  number=9,
  pages={2639--2649},
  year=2023
}

@article{贾耕云2018基于超像素的,
  author = {贾耕云 and 赵海英 and 刘菲朵 and 李学明},
  title = {基于超像素的Graph-Based图像分割算法},
  journal = {北京邮电大学学报},
  volume = {41},
  number = {03},
  pages = {46-50},
  year = {2018},
  issn = {1007-5321},
}

@article{JSJA2022S2084,
  author = {祁颖 and 柴艳妹},
  title = {基于改进的SLIC和聚类算法结合的高分辨率遥感海冰图像分割},
  journal = {计算机科学},
  volume = {49},
  number = {S2},
  pages = {591-596},
  year = {2022},
  issn = {1002-137X},
}

@article{JSJA2023S1052,
  author = {刘垚 and 官礼和},
  title = {基于球簇聚类的超像素分割迭代算法},
  journal = {计算机科学},
  volume = {50},
  number = {S1},
  pages = {381-387},
  year = {2023},
  issn = {1002-137X},
}

@article{JSJA2023S2045,
  author = {陈美颖 and 毕秀丽 and 刘波},
  title = {基于网格与超像素的图像重定向方法},
  journal = {计算机科学},
  volume = {50},
  number = {S2},
  pages = {318-325},
  year = {2023},
  issn = {1002-137X},
}

@article{CHTB202304007,
  author = {赵宗泽 and 方明源 and 高钊 and 王双亭},
  title = {融合高程信息的低空遥感影像SLIC分割和区域合并方法},
  journal = {测绘通报},
  volume = {},
  number = {04},
  pages = {35-40},
  year = {2023},
  issn = {0494-0911},
}

@mastersthesis{1023723163.nh,
 author = {张正笑},
 title = {图像区域自适应合并及其在遥感上的应用},
 school = {南京林业大学},
 year = {2024}
}

@article{罗学刚2019超像素分割及评价的最新研究进展,
  title={超像素分割及评价的最新研究进展},
  author={罗学刚 and 吕俊瑞 and 彭真明},
  journal={激光与光电子学进展},
  volume={56},
  number={9},
  pages={45--55},
  year={2019}
}

@article{任欣磊2020基于改进简单线性迭代聚类算法的遥感影像超像素分割,
  author = {任欣磊 and 王阳萍},
  title = {基于改进简单线性迭代聚类算法的遥感影像超像素分割},
  journal = {激光与光电子学进展},
  volume = {57},
  number = {22},
  pages = {362-369},
  year = {2020},
  issn = {1006-4125},
}

@article{李智2017基于,
  title={基于 SLIC 超像素分割的 SAR 图像海陆分割算法},
  author={李智 and 曲长文 and 周强 and 刘晨},
  journal={雷达科学与技术},
  volume={15},
  number={4},
  pages={354--358},
  year={2017}
}

@article{uavid20,
  title = {UAVid: A semantic segmentation dataset for UAV imagery},
  journal = {ISPRS Journal of Photogrammetry and Remote Sensing},
  volume = {165},
  pages = {108-119},
  year = {2020},
  issn = {0924-2716},
  author = {Ye Lyu and George Vosselman and Gui-Song Xia and Alper Yilmaz and Michael Ying Yang},
  keywords = {UAV, Semantic segmentation, Deep learning, Dataset},
}


@article{JLDX202402020,
  author = {高路尧 and 胡长虹 and 肖树林},
  title = {基于超像素分割的图注意力网络的高光谱图像分类},
  journal = {吉林大学学报(理学版)},
  volume = {62},
  number = {02},
  pages = {357-368},
  year = {2024},
  issn = {1671-5489},
}

@article{HBYD202403023,
  author = {刘志鸿 and 魏福义 and 唐蒨瑶 and 郭盈 and 李栋鑫 and SU Peiwei},
  title = {基于超像素分割的车辆检测算法},
  journal = {长江信息通信},
  volume = 37,
  number = 03,
  pages = {80-82},
  year = 2024,
  issn = {2096-9759},
}

@article{JSSG202310040,
 author = {黄睿 and 徐斌},
 title = {内容自适应超像素分割网络},
 journal = {计算机与数字工程},
 volume = {51},
 number = {10},
 pages = {2431-2437+2469},
 year = {2023},
 issn = {1672-9722},
}

@article{SJCJ202303004,
  author = {张明华 and 武玄 and 宋巍 and 梅海彬 and 贺琪 and 苏诚},
  title = {基于超像素块聚类与低秩特性的高光谱图像降噪},
  journal = {数据采集与处理},
  volume = {38},
  number = {03},
  pages = {549-564},
  year = {2023},
  issn = {1004-9037},
}

@mastersthesis{1023521218.nh,
  author = {杜雅婷},
  title = {基于超像素的图像分割方法及其应用研究},
  school = {中北大学},
  year = {2024}
}

@INPROCEEDINGS{8100105,
  author={Liu, Yun and Cheng, Ming-Ming and Hu, Xiaowei and Wang, Kai and Bai, Xiang},
  booktitle={2017 IEEE Conference on Computer Vision and Pattern Recognition (CVPR)},
  title={Richer Convolutional Features for Edge Detection},
  year={2017},
  volume={},
  number={},
  pages={5872-5881},
  keywords={Image edge detection;Feature extraction;Image color analysis;Computer vision;Machine learning;Lead},
}
